<record><leader>00000cas a2200000 a 4500</leader><controlfield tag="001">11820990</controlfield><controlfield tag="008">850319d19011903ksuwr ne      0   a0eng d</controlfield><datafield ind1=" " ind2=" " tag="010"><subfield code="a">sn 85029091 </subfield></datafield><datafield ind1=" " ind2=" " tag="040"><subfield code="a">KSH</subfield><subfield code="b">eng</subfield><subfield code="c">KSH</subfield><subfield code="d">NPT</subfield><subfield code="d">OCL</subfield><subfield code="d">OCLCQ</subfield></datafield><datafield ind1=" " ind2=" " tag="042"><subfield code="a">msc</subfield></datafield><datafield ind1="0" ind2="4" tag="245"><subfield code="a">The Nortonville Kansas news.</subfield></datafield><datafield ind1=" " ind2=" " tag="260"><subfield code="a">Nortonville, Kan. :</subfield><subfield code="b">L.F. Randolph,</subfield><subfield code="c">1901-1903.</subfield></datafield><datafield ind1=" " ind2=" " tag="300"><subfield code="a">2 v. :</subfield><subfield code="b">ill. ;</subfield><subfield code="c">54 cm.</subfield></datafield><datafield ind1=" " ind2=" " tag="310"><subfield code="a">Weekly</subfield></datafield><datafield ind1="0" ind2=" " tag="362"><subfield code="a">Vol. 17, no. 40 (Oct. 4, 1901)-v. 19, no. 5 (Jan. 30, 1903).</subfield></datafield><datafield ind1=" " ind2=" " tag="500"><subfield code="a">Published by: A.P. Burdick, Feb. 28-Dec. 26, 1902; C.D. Stillman, Jan. 2-30, 1903.</subfield></datafield><datafield ind1=" " ind2=" " tag="752"><subfield code="a">United States</subfield><subfield code="b">Kansas</subfield><subfield code="c">Jefferson</subfield><subfield code="d">Nortonville.</subfield></datafield><datafield ind1="0" ind2="0" tag="780"><subfield code="t">Nortonville news (Nortonville, Kan. : 1899)</subfield><subfield code="w">(DLC)sn 85029090</subfield></datafield><datafield ind1="0" ind2="0" tag="785"><subfield code="t">Nortonville news (Nortonville, Kan. : 1903)</subfield><subfield code="w">(DLC)sn 85029086</subfield></datafield></record>